%%%%%%%%%%%%%%%
%% Chapter 1 %%
%%%%%%%%%%%%%%%

@article{chap1_pauli_letter,
      author = "Pauli, W.",
      title  = "{Letter to the physical society of Tubingen : Dear radioactive ladies and gentlemen}",
      month  = dec,
      year   = "1930",
}

%%%%%%%%%%%%%%%
%% Chapter 2 %%
%%%%%%%%%%%%%%%

%%%%%%%%%%%%%%%
%% Chapter 3 %%
%%%%%%%%%%%%%%%

%%%%%%%%%%%%%%%
%% Chapter 4 %%
%%%%%%%%%%%%%%%

%%%%%%%%%%%%%%%
%% Chapter 5 %%
%%%%%%%%%%%%%%%

%%%%%%%%%%%%%%%
%% Chapter 6 %%
%%%%%%%%%%%%%%%