%%%%%%%%%%%%%%%%%%%
%% Section Intro %%
%%%%%%%%%%%%%%%%%%%

@article{intro_pauli_letter,
      author = "Pauli, W.",
      title  = "{Letter to the physical society of Tubingen : Dear radioactive ladies and gentlemen}",
      month  = dec,
      year   = "1930"
}

%%%%%%%%%%%%%%%
%% Section 1 %%
%%%%%%%%%%%%%%%

%%%%%%%%%%%%%%%
%% Section 2 %%
%%%%%%%%%%%%%%%

%%%%%%%%%%%%%%%
%% Section 3 %%
%%%%%%%%%%%%%%%

%%%%%%%%%%%%%%%%%%%%%%%%
%% Section Conclusion %%
%%%%%%%%%%%%%%%%%%%%%%%%
